@article{:/content/aip/proceeding/aipcp/10.1063/1.52284,
   author = "Powers, Tom and Doolittle, Lawrence and Ursic, Rok and Wagner, Jeffrey",
   title = "Design, commissioning and operational results of wide dynamic range BPM switched electrode electronics",
   journal = "AIP Conference Proceedings",
   year = "1997",
   volume = "390",
   number = "1", 
   eid = ,
   pages = "257-265",
   url = "http://scitation.aip.org/content/aip/proceeding/aipcp/10.1063/1.52284",
   doi = "http://dx.doi.org/10.1063/1.52284" 
}

