@article{Alcorn2004294,
title = "Basic instrumentation for Hall A at Jefferson Lab ",
journal = "Nuclear Instruments and Methods in Physics Research Section A: Accelerators, Spectrometers, Detectors and Associated Equipment ",
volume = "522",
number = "3",
pages = "294 - 346",
year = "2004",
note = "",
issn = "0168-9002",
doi = "http://dx.doi.org/10.1016/j.nima.2003.11.415",
url = "http://www.sciencedirect.com/science/article/pii/S0168900203033977",
author = "J. Alcorn and B.D. Anderson and K.A. Aniol and J.R.M. Annand and L. Auerbach and J. Arrington and T. Averett and F.T. Baker and M. Baylac and E.J. Beise and J. Berthot and P.Y. Bertin and W. Bertozzi and L. Bimbot and T. Black and W.U. Boeglin and D.V. Boykin and E.J. Brash and V. Breton and H. Breuer and P. Brindza and D. Brown and E. Burtin and J.R. Calarco and L.S. Cardman and R. Carr and G.D. Cates and C. Cavata and Z. Chai and C.C. Chang and N.S. Chant and J.-P. Chen and S. Choi and E. Chudakov and S. Churchwell and M. Coman and E. Cisbani and S. Colilli and N. Colombel and R. Crateri and D.S. Dale and N. Degrande and C.W. de Jager and R. De Leo and A. Deur and G. Dezern and B. Diederich and S. Dieterich and R. di Salvo and P. Djawotho and J. Domingo and J.-E. Ducret and D. Dutta and K. Egiyan and M.B. Epstein and S. Escoffier and S. Esp and L.A. Ewell and J.M. Finn and K.G. Fissum and E. Folts and H. Fonvieille and B. Frois and S. Frullani and H. Gao and J. Gao and F. Garibaldi and A. Gasparian and A. Gavalya and O. Gayou and S. Gilad and R. Gilman and F. Giuliani and A. Glamazdin and C. Glashausser and J. Gomez and V. Gorbenko and T. Gorringe and M. Gricia and K. Griffioen and D. Hamilton and J.-O. Hansen and F.W. Hersman and D.W. Higinbotham and R. Holmes and H. Holmgren and M. Holtrop and N. d'Hose and E. Hovhannisyan and C. Howell and G.M. Huber and E. Hughes and C.E. Hyde-Wright and H. Ibrahim and S. Incerti and M. Iodice and R. Iommi and D. Ireland and S. Jaminion and J. Jardillier and S. Jensen and X. Jiang and C.E. Jones and M.K. Jones and K. Joo and C. Jutier and W. Kahl and S. Kato and A.T. Katramatou and J.J. Kelly and S. Kerhoas and A. Ketikyan and M. Khandaker and M. Khayat and K. Kino and I. Kominis and W. Korsch and S. Kox and K. Kramer and K.S. Kumar and G. Kumbartzki and M. Kuss and L. Lagamba and G. Laveissière and A. Leone and J.J. LeRose and F. Marie and L. Levchuk and M. Leuschner and D. Lhuillier and M. Liang and K. Livingston and R.A. Lindgren and N. Liyanage and G.J. Lolos and R.W. Lourie and M. Lucentini and R. Madey and K. Maeda and S. Malov and D.M. Manley and D.J. Margaziotis and P. Markowitz and J. Marroncle and J. Martine and S. Mayilyan and J.S. McCarthy and K. McCormick and J. Mclntyre and R.D. McKeown and D. Meekins and R.L.J. van der Meer and Z.-E. Meziani and R. Michaels and B. Milbrath and J.A. Miller and W. Miller and J. Mitchell and J. Mougey and S. Nanda and A. Nathan and D. Neyret and E.A.J.M. Offermann and Z. Papandreou and C.F. Perdrisat and R. Perrino and G.G. Petratos and A. Petrosyan and L. Pierangeli and S. Platchkov and R. Pomatsalyuk and D. Pripstein and D.L. Prout and V.A. Punjabi and T. Pussieux and G. Quéméner and R.D. Ransomez and O. Ravel and B. Reitz and Y. Roblin and R. Roche and M. Roedelbronn and O.A. Rondon-Aramayo and P.G. Roos and G. Rosner and D. Rowntree and G.A. Rutledge and P.M. Rutt and M. Rvachev and F. Sabatavenere and A. Saha and T. Saito and F. Santavenere and A.J. Sarty and W.J. Schneider and J.P. Segal and A. Serdarevic-Offermann and A. Shahinyan and K. Slifer and T.P. Smith and A. Soldi and P. Sorokin and P. Souder and S.L. Spiegel and M.A. Stevens and S. Strauch and R. Suleiman and J.A. Templon and T. Terasawa and L. Todor and H. Tsubota and H. Ueno and P.E. Ulmer and G.M. Urciuoli and L. Van Hoorebeke and R. Van de Vyver and S. van Verst and P. Vernin and B. Vlahovic and H. Voskanyan and E. Voutier and R. Walter and J.W. Watson and D.P. Watts and L.B. Weinstein and K. Wijesooriya and B. Wojtsekhowski and H. Xiang and F. Xiong and W. Xu and D.G. Zainea and V. Zeps and J. Zhao and X. Zheng and Z.-L. Zhou and L. Zhu and P.A. Zolnierczuk",
keywords = "Jefferson Lab",
keywords = "Hall A",
keywords = "Instrumentation ",
abstract = "The instrumentation in Hall A at the Thomas Jefferson National Accelerator Facility was designed to study electro- and photo-induced reactions at very high luminosity and good momentum and angular resolution for at least one of the reaction products. The central components of Hall A are two identical high resolution spectrometers, which allow the vertical drift chambers in the focal plane to provide a momentum resolution of better than 2×10−4. A variety of Cherenkov counters, scintillators and lead-glass calorimeters provide excellent particle identification. The facility has been operated successfully at a luminosity well in excess of 1038 cm−2 s−1. The research program is aimed at a variety of subjects, including nucleon structure functions, nucleon form factors and properties of the nuclear medium. "
}

